@article{productivity_air_quality_wargocki_2000,
  author  = {Wargocki, Pawel and Wyon, David P., and Fanger, P. Ole},
  title   = {Productivity is affected by the air quality in offices},
  journal = {Proceedings of Healthy Buildings},
  volume  = 1,
  year    = 2000
}

@article{indoor_air_quality_stafford_2015,
  author  = {Stafford, Tess M.},
  journal = {Journal of Environmental Economics and Management},
  title   = {Indoor Air Quality and Academic Performance},
  volume  = 70,
  year    = 2015,
  pages   = {34-50},
  doi     = {10.1016/j.jeem.2014.11.002}
}

@article{iot,
  author  = {Al-Mutawa, Rihab Fahd and Eassa, Fathy Albouraey},
  journal = {International Journal of Advanced Computer Science and Applications},
  number  = 2,
  title   = {A Smart Home System based on Internet of Things },
  volume  = 11,
  year    = 2020,
  doi     = {10.48550/arXiv.2009.05328}
}